<?xml version="1.0" encoding="UTF-8"?><collection xmlns="http://www.loc.gov/MARC21/slim"><record><leader>00350nam--2200121-i-4500</leader><controlfield tag="001">000044659</controlfield><controlfield tag="002">20161230</controlfield><controlfield tag="005">20161230201044</controlfield><controlfield tag="008">060222s1000------------r-----000-0-eng-d</controlfield><datafield ind1=" " ind2=" " tag="080"><subfield code="a">061.62(047:71)</subfield></datafield><datafield ind1=" " ind2=" " tag="245"><subfield code="a">Thirty-eighth annual report of the national research council of canada 1954-1955</subfield></datafield><datafield ind1=" " ind2=" " tag="260"><subfield code="a">Ottawa, Edmond Cloutier, 1955, 44p</subfield></datafield><datafield ind1=" " ind2=" " tag="852"><subfield code="a">10987</subfield></datafield></record></collection>